
% Ce fichier doit lister toutes vos références bibliographiques.
% Seules celles appelées par la commande \cite (cf. poly LaTeX) seront 
% automatiquement incorporées dans votre document grâce à bibtex
% et à la séquence des 4 commandes suivantes :
%
%      latex <fichier-tex-sans-extension> 
%      bibtex <fichier-tex-sans-extension> 
%      latex <fichier-tex-sans-extension> 
%      latex <fichier-tex-sans-extension> 
		  
		  
		  
% Pour créer une nouvelle entrée bibliographique dans ce fichier :
%      sous xemacs, dans ce fichier, dans la zone de texte, cliquer
%      sur le bouton droit de la souris et choisir le type de 
%      référence. Compléter les différents champs. Supprimer les
%      champs optionnels non utilisés. Ne pas oublier la clé 
%      d'accès à la référence nécessaire pour la commande \cite 
%      (par exemple "lamport:latex:94").
		  

@Book{lamport:latex:94,
  author = 	 "Lamport, Leslie",
  title = 	 "LaTeX: A Document Preparation System - User's Guide
		  and Reference Manual",
  publisher = 	 "Addison-Wesley",
  year = 	 "1994",
  month = 	 nov,
  edition = 	 "seconde",
}
		  
@Book{rolland:latex:95,
  author = 	 "Rolland, Christian",
  title = 	 "LaTeX, guide pratique",
  publisher = 	 "Addison-Wesley",
  year = 	 "1995",
}
